@article{cavaglieriBewley2015,
  author = {{Cavaglieri}, D and {Bewley}, T},
  title = "{Low-storage implicit/explicit Runge–Kutta schemes for the simulation of stiff high-dimensional ODE systems}",
  journal = {Journal of Computational Physics},
  volume = {286},
  pages = {172 - 193},
  year = {2015},
  issn = {0021-9991}}
  
@article{cernohorskyBludman_1994,
	Author = {{Cernohorsky}, J. and {Bludman}, S.~A.},
	Journal = {Astrophysical Journal},
	Number = {1},
	Pages = {450 - 455},
	Title = {Maximum entropy distribution and closure for Bose-Einstein and {F}ermi-{D}irac radiation transport},
	Volume = {433},
	Year = {1994}}

@ARTICLE{chu_2018,
  author = {{Chu},R. and {Endeve}, E. and {Hauck}, C. D. and {Mezzacappa},. A},
   title = "{Realizability-Preserving DG-IMEX Method for the Two-Moment Model of Fermion Transport.}",
  journal = {JCP submitted},
     year = 2018,
Eprint = {arXiv:1809.06949},
   volume = {},
    pages = {}}  

@ARTICLE{gottlieb_etal_2001,
   author = {{Gottlieb}, E. and {Shu}, C.-W. and {Tadmor}, E.},
    title = "{Strong Stability-Preserving High-Order Time Discretization Methods}",
  journal = {SIAM Review},
     year = 2001,
   volume = 43,
    pages = {89-112}}
    
@ARTICLE{hu_etal_2018,
    author = {{Hu}, J. and {Shu}, R. and {Zhang}, X.},
     title = "{Asymptotic-preserving and positivity-preserving implicit-explicit schemes for the stiff BGK equation}",
   journal = {SIAM Journal on Numerical Analysis},
    volume = {56},
    number = {2},
     pages = {942-973},
      year = {2018}} 

@article{janka1991,
  title={},
  author={Janka, H-Th},
  journal={Technische Universität München},
  volume={Ph.D. Thesis},
  pages={MPA-587},
  year={1991},
%  URL={https://www.aanda.org/articles/aa/ref/2006/09/aa3783-05/aa3783-05.html}
}

@article{janka1992,
  title={Flux-limited neutrino diffusion versus Monte Carlo neutrino transport},
  author={Janka, H-Th},
  journal={Astronomy and Astrophysics},
  volume={256},
  pages={452--458},
  year={1992},
%  URL={http://adsabs.harvard.edu/full/1992A%26A...256..452J}
}

@TechReport{kershaw_1976,
    author = {{Kershaw}, D.S.},
    title = "{Flux limiting nature's own way --- a new method for numerical solution of the transport equation}",
institution = {Lawrence Livermore Laboratory},
       year = 1976,
     number = {UCRL-78378}}

@article{leblanc1970,
  title={A numerical example of the collapse of a rotating magnetized star},
  author={{LeBlanc}, J. M. and {Wilson}, J. R.},
  journal={The Astrophysical Journal},
  volume={161},
  pages={541},
  year={1970}
}
        
@ARTICLE{levermore_1984,
   author = {{Levermore}, C.~D.},
    title = "{Relating Eddington factors to flux limiters.}",
  journal = {JQSRT},
     year = 1984,
   volume = 31,
    pages = {149-160}} 

@article{mcclarren_etal_2008,
author = {{McClarren}, R. and {Evans}, T. and {Lowrie}, R and {Densmore}, J},
issn = {0021-9991},
journal = {Journal of Computational Physics},
number = {16},
pages = {7561--7586},
title = {{Semi-implicit time integration for PN thermal radiative transfer}},
volume = {227},
year = {2008}}
  
@ARTICLE{minerbo_1978,
   author = {{Minerbo}, G.~N.},
    title = "{Maximum entropy Eddington factors.}",
  journal = {JQSRT},
 keywords = {Radiative Transfer},
     year = 1978,
   volume = 20,
    pages = {541-545}}
    
@ARTICLE{pareschiRusso_2005,
   author = {{Pareschi}, L. and {Russo}, G.},
    title = "{Implicit-Explicit Runge-Kutta Schemes and Application to Hyperbolic Systems with Relaxation}",
  journal = {Journal of Scientific Computing},
     year = 2005,
   volume = 25,
    pages = {129-155}}

@ARTICLE{radice_etal_2013,
   author = {{Radice}, D. and {Abdikamalov}, E. and {Rezzolla}, L. and {Ott}, C.~D.},
    title = "{A new spherical harmonics scheme for multi-dimensional radiation transport I. Static matter configurations}",
  journal = {Journal of Computational Physics},
     year = 2013,
   volume = 242,
    pages = {648-669}}

@ARTICLE{skinnerOstriker_2013,
   author = {{Skinner}, M.~A. and {Ostriker}, E.~C.},
    title = "{A Two-moment Radiation Hydrodynamics Module in Athena Using a Time-explicit Godunov Method}",
  journal = {Astrophysical Journal Supplement Series},
     year = 2013,
   volume = 206,
    pages = {21}}
    
@article{wilson1975,
  title={NEUTRINO FLOW AND THE COLLAPSE OF STELLAR CORESfn1},
  author={{Wilson}, J. R. and {Couch}, R. and {Cochran}, S. and {Le Blanc}, J. and {Barkat}, Z.},
  journal={Annals of the New York Academy of Sciences},
  volume={262},
  number={1},
  pages={54--64},
  year={1975},
  publisher={Wiley Online Library}
}