@article{ZhangShu2010,
         author =   {X. Zhang and C.-W. Shu},
         title =    {On maximum-principle-satisfying high order schemes for scalar conservation laws},
         journal =     {Journal of Computational Physics},
         year =     {2010},
         volume = 229,
         pages = {3091-3120}}​


@article{LiskaWendroff2003,
 		author = {Liska, Richard and Wendroff, Burton},
 		title = {Comparison of Several Difference Schemes on 1D and 2D Test Problems for the Euler Equations},
		 journal = {SIAM J. Sci. Comput.},
 	   	 year = {2003},
 		 volume = 25,
		 pages = {995-1017}} ​


@BOOK{Leveque2002,
 		author = {LeVeque, R.J.}, 
 		title = {Finite Volume Methods for Hyperbolic Problems},
		 publisher = {Cambridge University Press}, 
		 year = 2002}




